%YAML 1.1
%TAG !u! tag:unity3d.com,2011:
--- !u!1 &8250972120802629410
GameObject:
  m_ObjectHideFlags: 0
  m_CorrespondingSourceObject: {fileID: 0}
  m_PrefabInstance: {fileID: 0}
  m_PrefabAsset: {fileID: 0}
  serializedVersion: 6
  m_Component:
  - component: {fileID: 8250972120802629422}
  - component: {fileID: 8250972120802629423}
  - component: {fileID: 8250972120802629408}
  - component: {fileID: 6387977518647326284}
  - component: {fileID: 4377045715336756203}
  m_Layer: 0
  m_Name: Cylinder
  m_TagString: Untagged
  m_Icon: {fileID: 0}
  m_NavMeshLayer: 0
  m_StaticEditorFlags: 0
  m_IsActive: 1
--- !u!4 &8250972120802629422
Transform:
  m_ObjectHideFlags: 0
  m_CorrespondingSourceObject: {fileID: 0}
  m_PrefabInstance: {fileID: 0}
  m_PrefabAsset: {fileID: 0}
  m_GameObject: {fileID: 8250972120802629410}
  m_LocalRotation: {x: -0, y: -0, z: -0, w: 1}
  m_LocalPosition: {x: 0, y: 0, z: 0}
  m_LocalScale: {x: 3.0554368, y: 2.2842724, z: 2.9719071}
  m_Children: []
  m_Father: {fileID: 0}
  m_RootOrder: 0
  m_LocalEulerAnglesHint: {x: 0, y: 0, z: 0}
--- !u!33 &8250972120802629423
MeshFilter:
  m_ObjectHideFlags: 0
  m_CorrespondingSourceObject: {fileID: 0}
  m_PrefabInstance: {fileID: 0}
  m_PrefabAsset: {fileID: 0}
  m_GameObject: {fileID: 8250972120802629410}
  m_Mesh: {fileID: 10206, guid: 0000000000000000e000000000000000, type: 0}
--- !u!23 &8250972120802629408
MeshRenderer:
  m_ObjectHideFlags: 0
  m_CorrespondingSourceObject: {fileID: 0}
  m_PrefabInstance: {fileID: 0}
  m_PrefabAsset: {fileID: 0}
  m_GameObject: {fileID: 8250972120802629410}
  m_Enabled: 1
  m_CastShadows: 1
  m_ReceiveShadows: 1
  m_DynamicOccludee: 1
  m_MotionVectors: 1
  m_LightProbeUsage: 1
  m_ReflectionProbeUsage: 1
  m_RenderingLayerMask: 1
  m_RendererPriority: 0
  m_Materials:
  - {fileID: 10303, guid: 0000000000000000f000000000000000, type: 0}
  m_StaticBatchInfo:
    firstSubMesh: 0
    subMeshCount: 0
  m_StaticBatchRoot: {fileID: 0}
  m_ProbeAnchor: {fileID: 0}
  m_LightProbeVolumeOverride: {fileID: 0}
  m_ScaleInLightmap: 1
  m_PreserveUVs: 0
  m_IgnoreNormalsForChartDetection: 0
  m_ImportantGI: 0
  m_StitchLightmapSeams: 0
  m_SelectedEditorRenderState: 3
  m_MinimumChartSize: 4
  m_AutoUVMaxDistance: 0.5
  m_AutoUVMaxAngle: 89
  m_LightmapParameters: {fileID: 0}
  m_SortingLayerID: 0
  m_SortingLayer: 0
  m_SortingOrder: 0
--- !u!114 &6387977518647326284
MonoBehaviour:
  m_ObjectHideFlags: 0
  m_CorrespondingSourceObject: {fileID: 0}
  m_PrefabInstance: {fileID: 0}
  m_PrefabAsset: {fileID: 0}
  m_GameObject: {fileID: 8250972120802629410}
  m_Enabled: 1
  m_EditorHideFlags: 0
  m_Script: {fileID: 11500000, guid: eaa316a3d12ddaa4e83caf66ca7e9804, type: 3}
  m_Name: 
  m_EditorClassIdentifier: 
  mats: []
  level: 0.5
  minMaxBounds: {x: 0, y: 0}
  mf: {fileID: 0}
  mr: {fileID: 0}
  m: {fileID: 0}
  DebugAnchor: 0
  debugSize: 1
  _anchorLength: 0.5
  dampening: 0
  anchor: {x: 0, y: 0, z: 0}
  anchorVelocity: {x: 0, y: 0, z: 0}
  transformedPoint: {x: 0, y: 0, z: 0}
  prevTransformedPoint: {x: 0, y: 0, z: 0}
  calculateTextureProjection: 1
  TextureSize: 1
  TextureSizeScalar: 1
  texCurveSize:
    serializedVersion: 2
    m_Curve:
    - serializedVersion: 3
      time: 0
      value: 1
      inSlope: 0
      outSlope: 0
      tangentMode: 0
      weightedMode: 0
      inWeight: 0
      outWeight: 0
    - serializedVersion: 3
      time: 1
      value: 1
      inSlope: 0
      outSlope: 0
      tangentMode: 0
      weightedMode: 0
      inWeight: 0
      outWeight: 0
    m_PreInfinity: 2
    m_PostInfinity: 2
    m_RotationOrder: 4
  TopLeft: {x: 0, y: 0, z: 0}
  TopRight: {x: 0, y: 0, z: 0}
  BottomLeft: {x: 0, y: 0, z: 0}
  BottomRight: {x: 0, y: 0, z: 0}
  ExposedLiquidT: {fileID: 0}
  GravityDirection: {x: 0, y: -1, z: 0}
  normalizeGravityDirection: 1
  verts: []
  cPos: {x: 0, y: 0, z: 0}
  finalAnchor: {x: 0, y: 0, z: 0}
  finalPoint: {x: 0, y: 0, z: 0}
  shaderNames: []
--- !u!114 &4377045715336756203
MonoBehaviour:
  m_ObjectHideFlags: 0
  m_CorrespondingSourceObject: {fileID: 0}
  m_PrefabInstance: {fileID: 0}
  m_PrefabAsset: {fileID: 0}
  m_GameObject: {fileID: 8250972120802629410}
  m_Enabled: 1
  m_EditorHideFlags: 0
  m_Script: {fileID: 11500000, guid: 8821811f704fa594182c00cc2811db0f, type: 3}
  m_Name: 
  m_EditorClassIdentifier: 
  bottleSmash: {fileID: 0}
  UpdateSurfaceColor: 1
  UpdateColor: 1
  UpdateSurfaceEmission: 1
  UpdateEmission: 1
