%YAML 1.1
%TAG !u! tag:unity3d.com,2011:
--- !u!1 &1463368340771084
GameObject:
  m_ObjectHideFlags: 0
  m_CorrespondingSourceObject: {fileID: 0}
  m_PrefabInstance: {fileID: 0}
  m_PrefabAsset: {fileID: 0}
  serializedVersion: 6
  m_Component:
  - component: {fileID: 4536424364635226}
  - component: {fileID: 33281401028341924}
  - component: {fileID: 23704097257291350}
  - component: {fileID: 3012421687245792246}
  - component: {fileID: 3675565356197498496}
  - component: {fileID: 8121635962454598769}
  - component: {fileID: 2521704198490091014}
  - component: {fileID: 2580856448264233799}
  - component: {fileID: 6996384483813485297}
  m_Layer: 0
  m_Name: Calculator
  m_TagString: Untagged
  m_Icon: {fileID: 0}
  m_NavMeshLayer: 0
  m_StaticEditorFlags: 0
  m_IsActive: 1
--- !u!4 &4536424364635226
Transform:
  m_ObjectHideFlags: 0
  m_CorrespondingSourceObject: {fileID: 0}
  m_PrefabInstance: {fileID: 0}
  m_PrefabAsset: {fileID: 0}
  m_GameObject: {fileID: 1463368340771084}
  m_LocalRotation: {x: -0, y: 1, z: -0, w: 0}
  m_LocalPosition: {x: 3.148923, y: 0.5259325, z: -0.5772822}
  m_LocalScale: {x: 1, y: 1, z: 1}
  m_Children:
  - {fileID: 4069506956760214023}
  - {fileID: 8666815139080536032}
  m_Father: {fileID: 0}
  m_RootOrder: 0
  m_LocalEulerAnglesHint: {x: 0, y: 180, z: 0}
--- !u!33 &33281401028341924
MeshFilter:
  m_ObjectHideFlags: 0
  m_CorrespondingSourceObject: {fileID: 0}
  m_PrefabInstance: {fileID: 0}
  m_PrefabAsset: {fileID: 0}
  m_GameObject: {fileID: 1463368340771084}
  m_Mesh: {fileID: 4300000, guid: 84e1b3127ad7e447088a94c9996a9ce5, type: 3}
--- !u!23 &23704097257291350
MeshRenderer:
  m_ObjectHideFlags: 0
  m_CorrespondingSourceObject: {fileID: 0}
  m_PrefabInstance: {fileID: 0}
  m_PrefabAsset: {fileID: 0}
  m_GameObject: {fileID: 1463368340771084}
  m_Enabled: 1
  m_CastShadows: 1
  m_ReceiveShadows: 1
  m_DynamicOccludee: 1
  m_MotionVectors: 1
  m_LightProbeUsage: 1
  m_ReflectionProbeUsage: 1
  m_RenderingLayerMask: 1
  m_RendererPriority: 0
  m_Materials:
  - {fileID: 2100000, guid: 9a831dc5c32c94bc7bb4c555bffe1950, type: 2}
  m_StaticBatchInfo:
    firstSubMesh: 0
    subMeshCount: 0
  m_StaticBatchRoot: {fileID: 0}
  m_ProbeAnchor: {fileID: 0}
  m_LightProbeVolumeOverride: {fileID: 0}
  m_ScaleInLightmap: 1
  m_PreserveUVs: 0
  m_IgnoreNormalsForChartDetection: 0
  m_ImportantGI: 0
  m_StitchLightmapSeams: 0
  m_SelectedEditorRenderState: 3
  m_MinimumChartSize: 4
  m_AutoUVMaxDistance: 0.5
  m_AutoUVMaxAngle: 89
  m_LightmapParameters: {fileID: 0}
  m_SortingLayerID: 0
  m_SortingLayer: 0
  m_SortingOrder: 0
--- !u!114 &3012421687245792246
MonoBehaviour:
  m_ObjectHideFlags: 0
  m_CorrespondingSourceObject: {fileID: 0}
  m_PrefabInstance: {fileID: 0}
  m_PrefabAsset: {fileID: 0}
  m_GameObject: {fileID: 1463368340771084}
  m_Enabled: 1
  m_EditorHideFlags: 0
  m_Script: {fileID: 11500000, guid: 18055ba762aa3994f9c10208cd088bc5, type: 3}
  m_Name: 
  m_EditorClassIdentifier: 
--- !u!114 &3675565356197498496
MonoBehaviour:
  m_ObjectHideFlags: 0
  m_CorrespondingSourceObject: {fileID: 0}
  m_PrefabInstance: {fileID: 0}
  m_PrefabAsset: {fileID: 0}
  m_GameObject: {fileID: 1463368340771084}
  m_Enabled: 1
  m_EditorHideFlags: 0
  m_Script: {fileID: 11500000, guid: a3abaf4521bf2344ea21ed3020b98eb2, type: 3}
  m_Name: 
  m_EditorClassIdentifier: 
  disableWhenIdle: 1
  allowedNearTouchControllers: 0
  allowedTouchControllers: 0
  ignoredColliders: []
  isGrabbable: 1
  holdButtonToGrab: 1
  stayGrabbedOnTeleport: 1
  validDrop: 1
  grabOverrideButton: 0
  allowedGrabControllers: 0
  grabAttachMechanicScript: {fileID: 8121635962454598769}
  secondaryGrabActionScript: {fileID: 3012421687245792246}
  isUsable: 0
  holdButtonToUse: 1
  useOnlyIfGrabbed: 0
  pointerActivatesUseAction: 0
  useOverrideButton: 0
  allowedUseControllers: 0
  objectHighlighter: {fileID: 0}
  touchHighlightColor: {r: 0, g: 0, b: 0, a: 0}
  usingState: 0
--- !u!114 &8121635962454598769
MonoBehaviour:
  m_ObjectHideFlags: 0
  m_CorrespondingSourceObject: {fileID: 0}
  m_PrefabInstance: {fileID: 0}
  m_PrefabAsset: {fileID: 0}
  m_GameObject: {fileID: 1463368340771084}
  m_Enabled: 1
  m_EditorHideFlags: 0
  m_Script: {fileID: 11500000, guid: 8afa0b205791c9f4496bf2814aeac078, type: 3}
  m_Name: 
  m_EditorClassIdentifier: 
  precisionGrab: 1
  rightSnapHandle: {fileID: 0}
  leftSnapHandle: {fileID: 0}
  throwVelocityWithAttachDistance: 0
  throwMultiplier: 1
  onGrabCollisionDelay: 0
  destroyImmediatelyOnThrow: 1
  breakForce: 1500
--- !u!114 &2521704198490091014
MonoBehaviour:
  m_ObjectHideFlags: 0
  m_CorrespondingSourceObject: {fileID: 0}
  m_PrefabInstance: {fileID: 0}
  m_PrefabAsset: {fileID: 0}
  m_GameObject: {fileID: 1463368340771084}
  m_Enabled: 1
  m_EditorHideFlags: 0
  m_Script: {fileID: 11500000, guid: cf7402ac2b77c84449104536f98f36d1, type: 3}
  m_Name: 
  m_EditorClassIdentifier: 
  drop: {fileID: 8666815139080536034}
--- !u!54 &2580856448264233799
Rigidbody:
  m_ObjectHideFlags: 0
  m_CorrespondingSourceObject: {fileID: 0}
  m_PrefabInstance: {fileID: 0}
  m_PrefabAsset: {fileID: 0}
  m_GameObject: {fileID: 1463368340771084}
  serializedVersion: 2
  m_Mass: 1
  m_Drag: 0
  m_AngularDrag: 0.05
  m_UseGravity: 1
  m_IsKinematic: 0
  m_Interpolate: 0
  m_Constraints: 0
  m_CollisionDetection: 0
--- !u!65 &6996384483813485297
BoxCollider:
  m_ObjectHideFlags: 0
  m_CorrespondingSourceObject: {fileID: 0}
  m_PrefabInstance: {fileID: 0}
  m_PrefabAsset: {fileID: 0}
  m_GameObject: {fileID: 1463368340771084}
  m_Material: {fileID: 0}
  m_IsTrigger: 0
  m_Enabled: 1
  serializedVersion: 2
  m_Size: {x: 0.12887412, y: 0.027863381, z: 0.19936687}
  m_Center: {x: 0.0000000037252903, y: 0.014436134, z: 0.007796161}
--- !u!1001 &885140382959056437
PrefabInstance:
  m_ObjectHideFlags: 0
  serializedVersion: 2
  m_Modification:
    m_TransformParent: {fileID: 4536424364635226}
    m_Modifications:
    - target: {fileID: 3760907530525269043, guid: 606c5e5355dbf2847896df9069090100,
        type: 3}
      propertyPath: m_Name
      value: Grab
      objectReference: {fileID: 0}
    - target: {fileID: 3760907530525269042, guid: 606c5e5355dbf2847896df9069090100,
        type: 3}
      propertyPath: m_LocalPosition.x
      value: 0.0162
      objectReference: {fileID: 0}
    - target: {fileID: 3760907530525269042, guid: 606c5e5355dbf2847896df9069090100,
        type: 3}
      propertyPath: m_LocalPosition.y
      value: 0.040905
      objectReference: {fileID: 0}
    - target: {fileID: 3760907530525269042, guid: 606c5e5355dbf2847896df9069090100,
        type: 3}
      propertyPath: m_LocalPosition.z
      value: -0.014
      objectReference: {fileID: 0}
    - target: {fileID: 3760907530525269042, guid: 606c5e5355dbf2847896df9069090100,
        type: 3}
      propertyPath: m_LocalRotation.x
      value: -9.313226e-10
      objectReference: {fileID: 0}
    - target: {fileID: 3760907530525269042, guid: 606c5e5355dbf2847896df9069090100,
        type: 3}
      propertyPath: m_LocalRotation.y
      value: -0.11871132
      objectReference: {fileID: 0}
    - target: {fileID: 3760907530525269042, guid: 606c5e5355dbf2847896df9069090100,
        type: 3}
      propertyPath: m_LocalRotation.z
      value: -0
      objectReference: {fileID: 0}
    - target: {fileID: 3760907530525269042, guid: 606c5e5355dbf2847896df9069090100,
        type: 3}
      propertyPath: m_LocalRotation.w
      value: 0.9929288
      objectReference: {fileID: 0}
    - target: {fileID: 3760907530525269042, guid: 606c5e5355dbf2847896df9069090100,
        type: 3}
      propertyPath: m_RootOrder
      value: 0
      objectReference: {fileID: 0}
    - target: {fileID: 3760907530525269042, guid: 606c5e5355dbf2847896df9069090100,
        type: 3}
      propertyPath: m_LocalEulerAnglesHint.x
      value: 0
      objectReference: {fileID: 0}
    - target: {fileID: 3760907530525269042, guid: 606c5e5355dbf2847896df9069090100,
        type: 3}
      propertyPath: m_LocalEulerAnglesHint.y
      value: 0
      objectReference: {fileID: 0}
    - target: {fileID: 3760907530525269042, guid: 606c5e5355dbf2847896df9069090100,
        type: 3}
      propertyPath: m_LocalEulerAnglesHint.z
      value: 0
      objectReference: {fileID: 0}
    m_RemovedComponents: []
  m_SourcePrefab: {fileID: 100100000, guid: 606c5e5355dbf2847896df9069090100, type: 3}
--- !u!4 &4069506956760214023 stripped
Transform:
  m_CorrespondingSourceObject: {fileID: 3760907530525269042, guid: 606c5e5355dbf2847896df9069090100,
    type: 3}
  m_PrefabInstance: {fileID: 885140382959056437}
  m_PrefabAsset: {fileID: 0}
--- !u!1001 &7740036173495069302
PrefabInstance:
  m_ObjectHideFlags: 0
  serializedVersion: 2
  m_Modification:
    m_TransformParent: {fileID: 4536424364635226}
    m_Modifications:
    - target: {fileID: 1381645862354523539, guid: 80751167f70861d40b013a0b4422ef0b,
        type: 3}
      propertyPath: m_Name
      value: Drop
      objectReference: {fileID: 0}
    - target: {fileID: 1381645862354523542, guid: 80751167f70861d40b013a0b4422ef0b,
        type: 3}
      propertyPath: m_LocalPosition.x
      value: 0
      objectReference: {fileID: 0}
    - target: {fileID: 1381645862354523542, guid: 80751167f70861d40b013a0b4422ef0b,
        type: 3}
      propertyPath: m_LocalPosition.y
      value: 0
      objectReference: {fileID: 0}
    - target: {fileID: 1381645862354523542, guid: 80751167f70861d40b013a0b4422ef0b,
        type: 3}
      propertyPath: m_LocalPosition.z
      value: 0
      objectReference: {fileID: 0}
    - target: {fileID: 1381645862354523542, guid: 80751167f70861d40b013a0b4422ef0b,
        type: 3}
      propertyPath: m_LocalRotation.x
      value: 0
      objectReference: {fileID: 0}
    - target: {fileID: 1381645862354523542, guid: 80751167f70861d40b013a0b4422ef0b,
        type: 3}
      propertyPath: m_LocalRotation.y
      value: 0
      objectReference: {fileID: 0}
    - target: {fileID: 1381645862354523542, guid: 80751167f70861d40b013a0b4422ef0b,
        type: 3}
      propertyPath: m_LocalRotation.z
      value: 0
      objectReference: {fileID: 0}
    - target: {fileID: 1381645862354523542, guid: 80751167f70861d40b013a0b4422ef0b,
        type: 3}
      propertyPath: m_LocalRotation.w
      value: 1
      objectReference: {fileID: 0}
    - target: {fileID: 1381645862354523542, guid: 80751167f70861d40b013a0b4422ef0b,
        type: 3}
      propertyPath: m_RootOrder
      value: 1
      objectReference: {fileID: 0}
    - target: {fileID: 1381645862354523542, guid: 80751167f70861d40b013a0b4422ef0b,
        type: 3}
      propertyPath: m_LocalEulerAnglesHint.x
      value: 0
      objectReference: {fileID: 0}
    - target: {fileID: 1381645862354523542, guid: 80751167f70861d40b013a0b4422ef0b,
        type: 3}
      propertyPath: m_LocalEulerAnglesHint.y
      value: 0
      objectReference: {fileID: 0}
    - target: {fileID: 1381645862354523542, guid: 80751167f70861d40b013a0b4422ef0b,
        type: 3}
      propertyPath: m_LocalEulerAnglesHint.z
      value: 0
      objectReference: {fileID: 0}
    m_RemovedComponents: []
  m_SourcePrefab: {fileID: 100100000, guid: 80751167f70861d40b013a0b4422ef0b, type: 3}
--- !u!4 &8666815139080536032 stripped
Transform:
  m_CorrespondingSourceObject: {fileID: 1381645862354523542, guid: 80751167f70861d40b013a0b4422ef0b,
    type: 3}
  m_PrefabInstance: {fileID: 7740036173495069302}
  m_PrefabAsset: {fileID: 0}
--- !u!114 &8666815139080536034 stripped
MonoBehaviour:
  m_CorrespondingSourceObject: {fileID: 1381645862354523540, guid: 80751167f70861d40b013a0b4422ef0b,
    type: 3}
  m_PrefabInstance: {fileID: 7740036173495069302}
  m_PrefabAsset: {fileID: 0}
  m_GameObject: {fileID: 0}
  m_Enabled: 1
  m_EditorHideFlags: 0
  m_Script: {fileID: 11500000, guid: 0d0a703053db8cb4e88a8a17db2d2702, type: 3}
  m_Name: 
  m_EditorClassIdentifier: 
